@inproceedings{halpern1971boolean,
  title={The Boolean prime ideal theorem does not imply the axiom of choice},
  author={Halpern, James D and L{\'e}vy, Azriel},
  booktitle={Proc. of Symposium Pure Math. of the AMS},
  volume={13},
  pages={83--134},
  year={1971}
}

@book{herrlich2006axiom,
  title={Axiom of choice},
  author={Herrlich, Horst},
  year={2006},
  publisher={Springer}
}

@book{bartsch2015allgemeine,
  title={Allgemeine Topologie},
  author={Bartsch, Ren{\'e}},
  year={2015},
  publisher={Walter de Gruyter GmbH \& Co KG}
}
 
@book{graetzer2003general,
  title={General lattice theory},
  author={Gr{\"a}tzer, George and Davey, Brian A},
  year={2003},
  publisher={Springer Science \& Business Media}
}

@book{kelley1975general,
  title={General topology},
  author={Kelley, John L},
  year={1975},
  publisher={Springer Science \& Business Media}
}

@book{jech2008axiom,
  title={The axiom of choice},
  author={Jech, Thomas J},
  year={2008},
  publisher={Courier Corporation}
}

@misc{ebbinghaus2003einfuhrung,
  title={Einf{\"u}hrung in die Mengenlehre. Spektrum},
  author={Ebbinghaus, HD},
  year={2003},
  publisher={Akademischer Verlag}
}


@incollection{preuss1972topologische,
  author={Preu{\ss}, Gerhard},
  booktitle={Allgemeine Topologie},
  year={1972},
  publisher={Springer}
}

@book{deiser2002einfuhrung,
  title={Einf{\"u}hrung in die Mengenlehre},
  author={Deiser, Oliver},
  volume={3},
  year={2002},
  publisher={Springer}
}

@misc{dau1994diplom,
   author    = {Dau, Frithjof},
   title     = {Der Boolesche Primidealsatz},
   year     = {1994},
   note     = {Diplomarbeit},
}

@book{poppe1974compactness,
  title={Compactness in general function spaces},
  author={Poppe, Harry},
  year={1974},
  publisher={Deutscher Verlag der Wissenschaften}
}

